%% This BibTeX bibliography file was created using BibDesk.
%% http://bibdesk.sourceforge.net/

%% Created for Kaitlyn Stocker at 2017-05-04 00:10:02 -0400 


%% Saved with string encoding Unicode (UTF-8) 



@article{tycho,
	Author = {Willem G. van Panhuis, John Grefenstette, Su Yon Jung, Nian Shong Chok, Anne Cross, Heather Eng, Bruce Y Lee, Vladimir Zadorozhny, Shawn Brown, Derek Cummings, Donald S. Burke},
	Date-Added = {2017-05-04 04:09:56 +0000},
	Date-Modified = {2017-05-04 04:09:56 +0000},
	Journal = {NEJM},
	Keywords = {data},
	Number = {22},
	Pages = {2152-2158},
	Title = {Contagious Diseases in the United States from 1888 to the present},
	Volume = {369},
	Year = {2013}}

@article{SRgrenfell,
	Author = {Ba{\`E}rbel F. Finkensta{\`E}dt and Bryan T. Grenfell},
	Date-Added = {2017-02-22 18:12:30 +0000},
	Date-Modified = {2017-02-22 18:16:41 +0000},
	Journal = {Appl. Statist.},
	Keywords = {Susceptible Reconstruction, Measles},
	Number = {2},
	Pages = {187-205},
	Title = {Time series modelling of childhood diseases: a dynamical systems approach},
	Volume = {49},
	Year = {2000},
	Bdsk-File-1 = {YnBsaXN0MDDUAQIDBAUGJCVYJHZlcnNpb25YJG9iamVjdHNZJGFyY2hpdmVyVCR0b3ASAAGGoKgHCBMUFRYaIVUkbnVsbNMJCgsMDxJXTlMua2V5c1pOUy5vYmplY3RzViRjbGFzc6INDoACgAOiEBGABIAFgAdccmVsYXRpdmVQYXRoWWFsaWFzRGF0YV8QPU5vdGVzL091dHNpZGUgU291cmNlcy9TdXNjZXB0aWJsZSBSZWNvbmNzdHJ1Y3Rpb24gUGFwZXIgMi5wZGbSFwsYGVdOUy5kYXRhTxECPAAAAAACPAACAAAIVW50aXRsZWQAAAAAAAAAAAAAAAAAAAAAAAAAzxKWwUgrAAAAs2RJH1N1c2NlcHRpYmxlIFJlY29uY3N0I0IzNjQ0Qy5wZGYAAAAAAAAAAAAAAAAAAAAAAAAAAAAAAAAAAAAAAAAAAACzZEzVCUm3AAAAAAAAAAAAAQAEAAAJIAAAAAAAAAAAAAAAAAAAAA9PdXRzaWRlIFNvdXJjZXMAABAACAAAzxLdEQAAABEACAAA1QmB9wAAAAEAHACzZEkAs2RHALNesgCykC4AAFt3AAAIDAAAAFwAAgBvVW50aXRsZWQ6VXNlcnM6AEthaXRseW46AERvY3VtZW50czoAR2l0aHViOgBUaGVzaXMgR2l0OgBOb3RlczoAT3V0c2lkZSBTb3VyY2VzOgBTdXNjZXB0aWJsZSBSZWNvbmNzdCNCMzY0NEMucGRmAAAOAFAAJwBTAHUAcwBjAGUAcAB0AGkAYgBsAGUAIABSAGUAYwBvAG4AYwBzAHQAcgB1AGMAdABpAG8AbgAgAFAAYQBwAGUAcgAgADIALgBwAGQAZgAPABIACABVAG4AdABpAHQAbABlAGQAEgBnVXNlcnMvS2FpdGx5bi9Eb2N1bWVudHMvR2l0aHViL1RoZXNpcyBHaXQvTm90ZXMvT3V0c2lkZSBTb3VyY2VzL1N1c2NlcHRpYmxlIFJlY29uY3N0cnVjdGlvbiBQYXBlciAyLnBkZgAAEwABLwAAFQACAA7//wAAgAbSGxwdHlokY2xhc3NuYW1lWCRjbGFzc2VzXU5TTXV0YWJsZURhdGGjHR8gVk5TRGF0YVhOU09iamVjdNIbHCIjXE5TRGljdGlvbmFyeaIiIF8QD05TS2V5ZWRBcmNoaXZlctEmJ1Ryb290gAEACAARABoAIwAtADIANwBAAEYATQBVAGAAZwBqAGwAbgBxAHMAdQB3AIQAjgDOANMA2wMbAx0DIgMtAzYDRANIA08DWANdA2oDbQN/A4IDhwAAAAAAAAIBAAAAAAAAACgAAAAAAAAAAAAAAAAAAAOJ}}

@article{BjornstadGrenfellMeasles,
	Author = {Benjamin D. Dalziel, Ottar N. Bj{\o}rnstad, Willem G. van Panhuis, Donald S. Burke, C. Jessica E. Metcalf, and Bryan T. Grenfell},
	Date-Added = {2017-02-22 18:07:58 +0000},
	Date-Modified = {2017-02-22 18:16:19 +0000},
	Editor = {Neil M. Ferguson},
	Journal = {PLoS Comput Biol},
	Keywords = {Seasonal Betas, Susceptible Reconstruction, Measles},
	Month = {February},
	Number = {2},
	Read = {0},
	Title = {Persistent Chaos of Measles Epidemics in the Prevaccination United States Caused by a Small Change in Seasonal Transmission Patterns},
	Volume = {12},
	Year = {2016},
	Bdsk-File-1 = {YnBsaXN0MDDUAQIDBAUGJCVYJHZlcnNpb25YJG9iamVjdHNZJGFyY2hpdmVyVCR0b3ASAAGGoKgHCBMUFRYaIVUkbnVsbNMJCgsMDxJXTlMua2V5c1pOUy5vYmplY3RzViRjbGFzc6INDoACgAOiEBGABIAFgAdccmVsYXRpdmVQYXRoWWFsaWFzRGF0YV8QNE5vdGVzL091dHNpZGUgU291cmNlcy9Cam9ybnN0YWQgR3JlbmZlbGwgTWVhc2xlcy5wZGbSFwsYGVdOUy5kYXRhTxECHgAAAAACHgACAAAIVW50aXRsZWQAAAAAAAAAAAAAAAAAAAAAAAAAzxKWwUgrAAAAs2RJHkJqb3Juc3RhZCBHcmVuZmVsbCBNZWFzbGVzLnBkZgAAAAAAAAAAAAAAAAAAAAAAAAAAAAAAAAAAAAAAAAAAAACzZErVCUm3AAAAAAAAAAAAAQAEAAAJIAAAAAAAAAAAAAAAAAAAAA9PdXRzaWRlIFNvdXJjZXMAABAACAAAzxLdEQAAABEACAAA1QmB9wAAAAEAHACzZEkAs2RHALNesgCykC4AAFt3AAAIDAAAAFwAAgBuVW50aXRsZWQ6VXNlcnM6AEthaXRseW46AERvY3VtZW50czoAR2l0aHViOgBUaGVzaXMgR2l0OgBOb3RlczoAT3V0c2lkZSBTb3VyY2VzOgBCam9ybnN0YWQgR3JlbmZlbGwgTWVhc2xlcy5wZGYADgA+AB4AQgBqAG8AcgBuAHMAdABhAGQAIABHAHIAZQBuAGYAZQBsAGwAIABNAGUAYQBzAGwAZQBzAC4AcABkAGYADwASAAgAVQBuAHQAaQB0AGwAZQBkABIAXlVzZXJzL0thaXRseW4vRG9jdW1lbnRzL0dpdGh1Yi9UaGVzaXMgR2l0L05vdGVzL091dHNpZGUgU291cmNlcy9Cam9ybnN0YWQgR3JlbmZlbGwgTWVhc2xlcy5wZGYAEwABLwAAFQACAA7//wAAgAbSGxwdHlokY2xhc3NuYW1lWCRjbGFzc2VzXU5TTXV0YWJsZURhdGGjHR8gVk5TRGF0YVhOU09iamVjdNIbHCIjXE5TRGljdGlvbmFyeaIiIF8QD05TS2V5ZWRBcmNoaXZlctEmJ1Ryb290gAEACAARABoAIwAtADIANwBAAEYATQBVAGAAZwBqAGwAbgBxAHMAdQB3AIQAjgDFAMoA0gL0AvYC+wMGAw8DHQMhAygDMQM2A0MDRgNYA1sDYAAAAAAAAAIBAAAAAAAAACgAAAAAAAAAAAAAAAAAAANi},
	Bdsk-File-2 = {YnBsaXN0MDDUAQIDBAUGJCVYJHZlcnNpb25YJG9iamVjdHNZJGFyY2hpdmVyVCR0b3ASAAGGoKgHCBMUFRYaIVUkbnVsbNMJCgsMDxJXTlMua2V5c1pOUy5vYmplY3RzViRjbGFzc6INDoACgAOiEBGABIAFgAdccmVsYXRpdmVQYXRoWWFsaWFzRGF0YV8QLS4uLy4uLy4uL0Rvd25sb2Fkcy9wY2JpLjEwMDQ2NTUuczAwMSAoNSkuZG9jeNIXCxgZV05TLmRhdGFPEQGkAAAAAAGkAAIAAAhVbnRpdGxlZAAAAAAAAAAAAAAAAAAAAAAAAADPEpbBSCsAAAABws8acGNiaS4xMDA0NjU1LnMwMDEgKDUpLmRvY3gAAAAAAAAAAAAAAAAAAAAAAAAAAAAAAAAAAAAAAAAAAAAAAAAAAKnLadTLdCkAAAAAAAAAAAADAAIAAAkgAAAAAAAAAAAAAAAAAAAACURvd25sb2FkcwAAEAAIAADPEt0RAAAAEQAIAADUy7p5AAAAAQAMAAHCzwAACAwAAABcAAIAPlVudGl0bGVkOlVzZXJzOgBLYWl0bHluOgBEb3dubG9hZHM6AHBjYmkuMTAwNDY1NS5zMDAxICg1KS5kb2N4AA4ANgAaAHAAYwBiAGkALgAxADAAMAA0ADYANQA1AC4AcwAwADAAMQAgACgANQApAC4AZABvAGMAeAAPABIACABVAG4AdABpAHQAbABlAGQAEgAyVXNlcnMvS2FpdGx5bi9Eb3dubG9hZHMvcGNiaS4xMDA0NjU1LnMwMDEgKDUpLmRvY3gAEwABLwAAFQACAA7//wAAgAbSGxwdHlokY2xhc3NuYW1lWCRjbGFzc2VzXU5TTXV0YWJsZURhdGGjHR8gVk5TRGF0YVhOU09iamVjdNIbHCIjXE5TRGljdGlvbmFyeaIiIF8QD05TS2V5ZWRBcmNoaXZlctEmJ1Ryb290gAEACAARABoAIwAtADIANwBAAEYATQBVAGAAZwBqAGwAbgBxAHMAdQB3AIQAjgC+AMMAywJzAnUCegKFAo4CnAKgAqcCsAK1AsICxQLXAtoC3wAAAAAAAAIBAAAAAAAAACgAAAAAAAAAAAAAAAAAAALh},
	Bdsk-File-3 = {YnBsaXN0MDDUAQIDBAUGJCVYJHZlcnNpb25YJG9iamVjdHNZJGFyY2hpdmVyVCR0b3ASAAGGoKgHCBMUFRYaIVUkbnVsbNMJCgsMDxJXTlMua2V5c1pOUy5vYmplY3RzViRjbGFzc6INDoACgAOiEBGABIAFgAdccmVsYXRpdmVQYXRoWWFsaWFzRGF0YV8QGERhdGFzZXRzL21lYXNsZXNVS1VTLmNzdtIXCxgZV05TLmRhdGFPEQG8AAAAAAG8AAIAAAhVbnRpdGxlZAAAAAAAAAAAAAAAAAAAAAAAAADPEpbBSCsAAACzZCoPbWVhc2xlc1VLVVMuY3N2AAAAAAAAAAAAAAAAAAAAAAAAAAAAAAAAAAAAAAAAAAAAAAAAAAAAAAAAAAAAAAAAALNkLNUJSbcAAAAAAAAAAAABAAMAAAkgAAAAAAAAAAAAAAAAAAAACERhdGFzZXRzABAACAAAzxLdEQAAABEACAAA1QmB9wAAAAEAGACzZCoAs16yALKQLgAAW3cAAAgMAAAAXAACAFFVbnRpdGxlZDpVc2VyczoAS2FpdGx5bjoARG9jdW1lbnRzOgBHaXRodWI6AFRoZXNpcyBHaXQ6AERhdGFzZXRzOgBtZWFzbGVzVUtVUy5jc3YAAA4AIAAPAG0AZQBhAHMAbABlAHMAVQBLAFUAUwAuAGMAcwB2AA8AEgAIAFUAbgB0AGkAdABsAGUAZAASAEJVc2Vycy9LYWl0bHluL0RvY3VtZW50cy9HaXRodWIvVGhlc2lzIEdpdC9EYXRhc2V0cy9tZWFzbGVzVUtVUy5jc3YAEwABLwAAFQACAA7//wAAgAbSGxwdHlokY2xhc3NuYW1lWCRjbGFzc2VzXU5TTXV0YWJsZURhdGGjHR8gVk5TRGF0YVhOU09iamVjdNIbHCIjXE5TRGljdGlvbmFyeaIiIF8QD05TS2V5ZWRBcmNoaXZlctEmJ1Ryb290gAEACAARABoAIwAtADIANwBAAEYATQBVAGAAZwBqAGwAbgBxAHMAdQB3AIQAjgCpAK4AtgJ2AngCfQKIApECnwKjAqoCswK4AsUCyALaAt0C4gAAAAAAAAIBAAAAAAAAACgAAAAAAAAAAAAAAAAAAALk},
	Bdsk-File-4 = {YnBsaXN0MDDUAQIDBAUGJCVYJHZlcnNpb25YJG9iamVjdHNZJGFyY2hpdmVyVCR0b3ASAAGGoKgHCBMUFRYaIVUkbnVsbNMJCgsMDxJXTlMua2V5c1pOUy5vYmplY3RzViRjbGFzc6INDoACgAOiEBGABIAFgAdccmVsYXRpdmVQYXRoWWFsaWFzRGF0YV8QJERhdGFzZXRzL21lYXNlbGVzIGJpd2Vla2x5IGJldGFzLmNzdtIXCxgZV05TLmRhdGFPEQHsAAAAAAHsAAIAAAhVbnRpdGxlZAAAAAAAAAAAAAAAAAAAAAAAAADPEpbBSCsAAACzZCobbWVhc2VsZXMgYml3ZWVrbHkgYmV0YXMuY3N2AAAAAAAAAAAAAAAAAAAAAAAAAAAAAAAAAAAAAAAAAAAAAAAAALNkK9UJSbcAAAAAAAAAAAABAAMAAAkgAAAAAAAAAAAAAAAAAAAACERhdGFzZXRzABAACAAAzxLdEQAAABEACAAA1QmB9wAAAAEAGACzZCoAs16yALKQLgAAW3cAAAgMAAAAXAACAF1VbnRpdGxlZDpVc2VyczoAS2FpdGx5bjoARG9jdW1lbnRzOgBHaXRodWI6AFRoZXNpcyBHaXQ6AERhdGFzZXRzOgBtZWFzZWxlcyBiaXdlZWtseSBiZXRhcy5jc3YAAA4AOAAbAG0AZQBhAHMAZQBsAGUAcwAgAGIAaQB3AGUAZQBrAGwAeQAgAGIAZQB0AGEAcwAuAGMAcwB2AA8AEgAIAFUAbgB0AGkAdABsAGUAZAASAE5Vc2Vycy9LYWl0bHluL0RvY3VtZW50cy9HaXRodWIvVGhlc2lzIEdpdC9EYXRhc2V0cy9tZWFzZWxlcyBiaXdlZWtseSBiZXRhcy5jc3YAEwABLwAAFQACAA7//wAAgAbSGxwdHlokY2xhc3NuYW1lWCRjbGFzc2VzXU5TTXV0YWJsZURhdGGjHR8gVk5TRGF0YVhOU09iamVjdNIbHCIjXE5TRGljdGlvbmFyeaIiIF8QD05TS2V5ZWRBcmNoaXZlctEmJ1Ryb290gAEACAARABoAIwAtADIANwBAAEYATQBVAGAAZwBqAGwAbgBxAHMAdQB3AIQAjgC1ALoAwgKyArQCuQLEAs0C2wLfAuYC7wL0AwEDBAMWAxkDHgAAAAAAAAIBAAAAAAAAACgAAAAAAAAAAAAAAAAAAAMg}}

@book{KeelingBook,
	Author = {Matt J. Keeling, Pejman Rohani},
	Date-Added = {2016-11-16 18:06:24 +0000},
	Date-Modified = {2016-11-16 18:16:42 +0000},
	Publisher = {Princeton University Press},
	Rating = {0},
	Read = {0},
	Title = {Modeling Infectious Diseases in Humans and Animals},
	Year = {2011}}
