%% This BibTeX bibliography file was created using BibDesk.
%% http://bibdesk.sourceforge.net/

%% Created for Kaitlyn Stocker at 2017-02-23 09:06:58 -0500 


%% Saved with string encoding Unicode (UTF-8) 



@article{SRgrenfell,
	Author = {Ba{\`E}rbel F. Finkensta{\`E}dt and Bryan T. Grenfell},
	Date-Added = {2017-02-22 18:12:30 +0000},
	Date-Modified = {2017-02-22 18:16:41 +0000},
	Journal = {Appl. Statist.},
	Keywords = {Susceptible Reconstruction, Measles },
	Number = {2},
	Pages = {187-205},
	Title = {Time series modelling of childhood diseases: a dynamical systems approach},
	Volume = {49},
	Year = {2000},
	Bdsk-File-1 = {YnBsaXN0MDDUAQIDBAUGJCVYJHZlcnNpb25YJG9iamVjdHNZJGFyY2hpdmVyVCR0b3ASAAGGoKgHCBMUFRYaIVUkbnVsbNMJCgsMDxJXTlMua2V5c1pOUy5vYmplY3RzViRjbGFzc6INDoACgAOiEBGABIAFgAdccmVsYXRpdmVQYXRoWWFsaWFzRGF0YV8QPU5vdGVzL091dHNpZGUgU291cmNlcy9TdXNjZXB0aWJsZSBSZWNvbmNzdHJ1Y3Rpb24gUGFwZXIgMi5wZGbSFwsYGVdOUy5kYXRhTxECLAAAAAACLAACAAAIVW50aXRsZWQAAAAAAAAAAAAAAAAAAAAAAAAAzxKWwUgrAAAAlk6HH1N1c2NlcHRpYmxlIFJlY29uY3N0I0E5MTI4QS5wZGYAAAAAAAAAAAAAAAAAAAAAAAAAAAAAAAAAAAAAAAAAAACpEorUmVccAAAAAAAAAAAAAQAEAAAJIAAAAAAAAAAAAAAAAAAAAA9PdXRzaWRlIFNvdXJjZXMAABAACAAAzxLdEQAAABEACAAA1JmdbAAAAAEAGACWTocAlk6QAI0e4gAAW3cAAAgMAAAAXAACAGlVbnRpdGxlZDpVc2VyczoAS2FpdGx5bjoARG9jdW1lbnRzOgBUaGVzaXMgV29yayA6AE5vdGVzOgBPdXRzaWRlIFNvdXJjZXM6AFN1c2NlcHRpYmxlIFJlY29uY3N0I0E5MTI4QS5wZGYAAA4AUAAnAFMAdQBzAGMAZQBwAHQAaQBiAGwAZQAgAFIAZQBjAG8AbgBjAHMAdAByAHUAYwB0AGkAbwBuACAAUABhAHAAZQByACAAMgAuAHAAZABmAA8AEgAIAFUAbgB0AGkAdABsAGUAZAASAGJVc2Vycy9LYWl0bHluL0RvY3VtZW50cy9UaGVzaXMgV29yayAvTm90ZXMvT3V0c2lkZSBTb3VyY2VzL1N1c2NlcHRpYmxlIFJlY29uY3N0cnVjdGlvbiBQYXBlciAyLnBkZgATAAEvAAAVAAIADv//AACABtIbHB0eWiRjbGFzc25hbWVYJGNsYXNzZXNdTlNNdXRhYmxlRGF0YaMdHyBWTlNEYXRhWE5TT2JqZWN00hscIiNcTlNEaWN0aW9uYXJ5oiIgXxAPTlNLZXllZEFyY2hpdmVy0SYnVHJvb3SAAQAIABEAGgAjAC0AMgA3AEAARgBNAFUAYABnAGoAbABuAHEAcwB1AHcAhACOAM4A0wDbAwsDDQMSAx0DJgM0AzgDPwNIA00DWgNdA28DcgN3AAAAAAAAAgEAAAAAAAAAKAAAAAAAAAAAAAAAAAAAA3k=}}

@article{BjornstadGrenfellMeasles,
	Author = {Benjamin D. Dalziel, Ottar N. Bj{\o}rnstad, Willem G. van Panhuis, Donald S. Burke, C. Jessica E. Metcalf, and Bryan T. Grenfell},
	Date-Added = {2017-02-22 18:07:58 +0000},
	Date-Modified = {2017-02-22 18:16:19 +0000},
	Editor = {Neil M. Ferguson},
	Journal = {PLoS Comput Biol},
	Keywords = {Seasonal Betas, Susceptible Reconstruction, Measles},
	Month = {February },
	Number = {2},
	Read = {0},
	Title = {Persistent Chaos of Measles Epidemics in the Prevaccination United States Caused by a Small Change in Seasonal Transmission Patterns},
	Volume = {12},
	Year = {2016},
	Bdsk-File-1 = {YnBsaXN0MDDUAQIDBAUGJCVYJHZlcnNpb25YJG9iamVjdHNZJGFyY2hpdmVyVCR0b3ASAAGGoKgHCBMUFRYaIVUkbnVsbNMJCgsMDxJXTlMua2V5c1pOUy5vYmplY3RzViRjbGFzc6INDoACgAOiEBGABIAFgAdccmVsYXRpdmVQYXRoWWFsaWFzRGF0YV8QNE5vdGVzL091dHNpZGUgU291cmNlcy9Cam9ybnN0YWQgR3JlbmZlbGwgTWVhc2xlcy5wZGbSFwsYGVdOUy5kYXRhTxECEAAAAAACEAACAAAIVW50aXRsZWQAAAAAAAAAAAAAAAAAAAAAAAAAzxKWwUgrAAAAlk6HHkJqb3Juc3RhZCBHcmVuZmVsbCBNZWFzbGVzLnBkZgAAAAAAAAAAAAAAAAAAAAAAAAAAAAAAAAAAAAAAAAAAAACqekHU0z5uAAAAAAAAAAAAAQAEAAAJIAAAAAAAAAAAAAAAAAAAAA9PdXRzaWRlIFNvdXJjZXMAABAACAAAzxLdEQAAABEACAAA1NOEvgAAAAEAGACWTocAlk6QAI0e4gAAW3cAAAgMAAAAXAACAGhVbnRpdGxlZDpVc2VyczoAS2FpdGx5bjoARG9jdW1lbnRzOgBUaGVzaXMgV29yayA6AE5vdGVzOgBPdXRzaWRlIFNvdXJjZXM6AEJqb3Juc3RhZCBHcmVuZmVsbCBNZWFzbGVzLnBkZgAOAD4AHgBCAGoAbwByAG4AcwB0AGEAZAAgAEcAcgBlAG4AZgBlAGwAbAAgAE0AZQBhAHMAbABlAHMALgBwAGQAZgAPABIACABVAG4AdABpAHQAbABlAGQAEgBZVXNlcnMvS2FpdGx5bi9Eb2N1bWVudHMvVGhlc2lzIFdvcmsgL05vdGVzL091dHNpZGUgU291cmNlcy9Cam9ybnN0YWQgR3JlbmZlbGwgTWVhc2xlcy5wZGYAABMAAS8AABUAAgAO//8AAIAG0hscHR5aJGNsYXNzbmFtZVgkY2xhc3Nlc11OU011dGFibGVEYXRhox0fIFZOU0RhdGFYTlNPYmplY3TSGxwiI1xOU0RpY3Rpb25hcnmiIiBfEA9OU0tleWVkQXJjaGl2ZXLRJidUcm9vdIABAAgAEQAaACMALQAyADcAQABGAE0AVQBgAGcAagBsAG4AcQBzAHUAdwCEAI4AxQDKANIC5gLoAu0C+AMBAw8DEwMaAyMDKAM1AzgDSgNNA1IAAAAAAAACAQAAAAAAAAAoAAAAAAAAAAAAAAAAAAADVA==},
	Bdsk-File-2 = {YnBsaXN0MDDUAQIDBAUGJCVYJHZlcnNpb25YJG9iamVjdHNZJGFyY2hpdmVyVCR0b3ASAAGGoKgHCBMUFRYaIVUkbnVsbNMJCgsMDxJXTlMua2V5c1pOUy5vYmplY3RzViRjbGFzc6INDoACgAOiEBGABIAFgAdccmVsYXRpdmVQYXRoWWFsaWFzRGF0YV8QKi4uLy4uL0Rvd25sb2Fkcy9wY2JpLjEwMDQ2NTUuczAwMSAoNSkuZG9jeNIXCxgZV05TLmRhdGFPEQGkAAAAAAGkAAIAAAhVbnRpdGxlZAAAAAAAAAAAAAAAAAAAAAAAAADPEpbBSCsAAAABws8acGNiaS4xMDA0NjU1LnMwMDEgKDUpLmRvY3gAAAAAAAAAAAAAAAAAAAAAAAAAAAAAAAAAAAAAAAAAAAAAAAAAAKnLadTLdCkAAAAAAAAAAAACAAIAAAkgAAAAAAAAAAAAAAAAAAAACURvd25sb2FkcwAAEAAIAADPEt0RAAAAEQAIAADUy7p5AAAAAQAMAAHCzwAACAwAAABcAAIAPlVudGl0bGVkOlVzZXJzOgBLYWl0bHluOgBEb3dubG9hZHM6AHBjYmkuMTAwNDY1NS5zMDAxICg1KS5kb2N4AA4ANgAaAHAAYwBiAGkALgAxADAAMAA0ADYANQA1AC4AcwAwADAAMQAgACgANQApAC4AZABvAGMAeAAPABIACABVAG4AdABpAHQAbABlAGQAEgAyVXNlcnMvS2FpdGx5bi9Eb3dubG9hZHMvcGNiaS4xMDA0NjU1LnMwMDEgKDUpLmRvY3gAEwABLwAAFQACAA7//wAAgAbSGxwdHlokY2xhc3NuYW1lWCRjbGFzc2VzXU5TTXV0YWJsZURhdGGjHR8gVk5TRGF0YVhOU09iamVjdNIbHCIjXE5TRGljdGlvbmFyeaIiIF8QD05TS2V5ZWRBcmNoaXZlctEmJ1Ryb290gAEACAARABoAIwAtADIANwBAAEYATQBVAGAAZwBqAGwAbgBxAHMAdQB3AIQAjgC7AMAAyAJwAnICdwKCAosCmQKdAqQCrQKyAr8CwgLUAtcC3AAAAAAAAAIBAAAAAAAAACgAAAAAAAAAAAAAAAAAAALe},
	Bdsk-File-3 = {YnBsaXN0MDDUAQIDBAUGJCVYJHZlcnNpb25YJG9iamVjdHNZJGFyY2hpdmVyVCR0b3ASAAGGoKgHCBMUFRYaIVUkbnVsbNMJCgsMDxJXTlMua2V5c1pOUy5vYmplY3RzViRjbGFzc6INDoACgAOiEBGABIAFgAdccmVsYXRpdmVQYXRoWWFsaWFzRGF0YV8QGERhdGFzZXRzL21lYXNsZXNVS1VTLmNzdtIXCxgZV05TLmRhdGFPEQGuAAAAAAGuAAIAAAhVbnRpdGxlZAAAAAAAAAAAAAAAAAAAAAAAAADPEpbBSCsAAACqTU0PbWVhc2xlc1VLVVMuY3N2AAAAAAAAAAAAAAAAAAAAAAAAAAAAAAAAAAAAAAAAAAAAAAAAAAAAAAAAAAAAAAAAAKm0o9TLOwUAAAAAAAAAAAABAAMAAAkgAAAAAAAAAAAAAAAAAAAACERhdGFzZXRzABAACAAAzxLdEQAAABEACAAA1MuBVQAAAAEAFACqTU0AjR7iAABbdwAACAwAAABcAAIAS1VudGl0bGVkOlVzZXJzOgBLYWl0bHluOgBEb2N1bWVudHM6AFRoZXNpcyBXb3JrIDoARGF0YXNldHM6AG1lYXNsZXNVS1VTLmNzdgAADgAgAA8AbQBlAGEAcwBsAGUAcwBVAEsAVQBTAC4AYwBzAHYADwASAAgAVQBuAHQAaQB0AGwAZQBkABIAPVVzZXJzL0thaXRseW4vRG9jdW1lbnRzL1RoZXNpcyBXb3JrIC9EYXRhc2V0cy9tZWFzbGVzVUtVUy5jc3YAABMAAS8AABUAAgAO//8AAIAG0hscHR5aJGNsYXNzbmFtZVgkY2xhc3Nlc11OU011dGFibGVEYXRhox0fIFZOU0RhdGFYTlNPYmplY3TSGxwiI1xOU0RpY3Rpb25hcnmiIiBfEA9OU0tleWVkQXJjaGl2ZXLRJidUcm9vdIABAAgAEQAaACMALQAyADcAQABGAE0AVQBgAGcAagBsAG4AcQBzAHUAdwCEAI4AqQCuALYCaAJqAm8CegKDApEClQKcAqUCqgK3AroCzALPAtQAAAAAAAACAQAAAAAAAAAoAAAAAAAAAAAAAAAAAAAC1g==},
	Bdsk-File-4 = {YnBsaXN0MDDUAQIDBAUGJCVYJHZlcnNpb25YJG9iamVjdHNZJGFyY2hpdmVyVCR0b3ASAAGGoKgHCBMUFRYaIVUkbnVsbNMJCgsMDxJXTlMua2V5c1pOUy5vYmplY3RzViRjbGFzc6INDoACgAOiEBGABIAFgAdccmVsYXRpdmVQYXRoWWFsaWFzRGF0YV8QJERhdGFzZXRzL21lYXNlbGVzIGJpd2Vla2x5IGJldGFzLmNzdtIXCxgZV05TLmRhdGFPEQHeAAAAAAHeAAIAAAhVbnRpdGxlZAAAAAAAAAAAAAAAAAAAAAAAAADPEpbBSCsAAACqTU0bbWVhc2VsZXMgYml3ZWVrbHkgYmV0YXMuY3N2AAAAAAAAAAAAAAAAAAAAAAAAAAAAAAAAAAAAAAAAAAAAAAAAAKpNbdTRwXJURVhUWENFTAABAAMAAAkgAAAAAAAAAAAAAAAAAAAACERhdGFzZXRzABAACAAAzxLdEQAAABEACAAA1NIHwgAAAAEAFACqTU0AjR7iAABbdwAACAwAAABcAAIAV1VudGl0bGVkOlVzZXJzOgBLYWl0bHluOgBEb2N1bWVudHM6AFRoZXNpcyBXb3JrIDoARGF0YXNldHM6AG1lYXNlbGVzIGJpd2Vla2x5IGJldGFzLmNzdgAADgA4ABsAbQBlAGEAcwBlAGwAZQBzACAAYgBpAHcAZQBlAGsAbAB5ACAAYgBlAHQAYQBzAC4AYwBzAHYADwASAAgAVQBuAHQAaQB0AGwAZQBkABIASVVzZXJzL0thaXRseW4vRG9jdW1lbnRzL1RoZXNpcyBXb3JrIC9EYXRhc2V0cy9tZWFzZWxlcyBiaXdlZWtseSBiZXRhcy5jc3YAABMAAS8AABUAAgAO//8AAIAG0hscHR5aJGNsYXNzbmFtZVgkY2xhc3Nlc11OU011dGFibGVEYXRhox0fIFZOU0RhdGFYTlNPYmplY3TSGxwiI1xOU0RpY3Rpb25hcnmiIiBfEA9OU0tleWVkQXJjaGl2ZXLRJidUcm9vdIABAAgAEQAaACMALQAyADcAQABGAE0AVQBgAGcAagBsAG4AcQBzAHUAdwCEAI4AtQC6AMICpAKmAqsCtgK/As0C0QLYAuEC5gLzAvYDCAMLAxAAAAAAAAACAQAAAAAAAAAoAAAAAAAAAAAAAAAAAAADEg==}}

@book{KeelingBook,
	Author = {Matt J. Keeling, Pejman Rohani},
	Date-Added = {2016-11-16 18:06:24 +0000},
	Date-Modified = {2016-11-16 18:16:42 +0000},
	Publisher = {Princeton University Press},
	Rating = {0},
	Read = {0},
	Title = {Modeling Infectious Diseases in Humans and Animals},
	Year = {2011}}
